@misc{stackgan++,
      title={StackGAN++: Realistic Image Synthesis with Stacked Generative Adversarial Networks}, 
      author={Han Zhang and Tao Xu and Hongsheng Li and Shaoting Zhang and Xiaogang Wang and Xiaolei Huang and Dimitris Metaxas},
      year={2018},
      eprint={1710.10916},
      archivePrefix={arXiv},
      primaryClass={cs.CV},
      url={https://arxiv.org/abs/1710.10916}, 
}